@book{L.P.Lebedev297,
	author = "L. P. Lebedev and Michael J. Cloud",
	author_sort = "Lebedev, L. P. \& Cloud, Michael J.",
	cover = "/home/fernando/fer/Biblioteca/Biblioteca de calibre/L. P. Lebedev/The Calculus of Variations and Functional Analysis\_ With Optimal Control and Applications in Me (297)/cover.jpg",
	formats = "djvu",
	isbn = "978-98-1238-581-9",
	month = "jun",
	publisher = "World Scientific",
	size = "1289085 octets",
	title = "The Calculus of Variations and Functional Analysis: With Optimal Control and Applications in Mechanics",
	title_sort = "The Calculus of Variations and Functional Analysis: With Optimal Control and Applications in Mechanics",
	volume = "1",
	year = "2003"
}

@book{MarkLevi366,
	author = "Mark Levi",
	author_sort = "Levi, Mark",
	cover = "/home/fernando/fer/Biblioteca/Biblioteca de calibre/Mark Levi/Classical Mechanics With Calculus of Variations and Optimal Control\_ An Intuitive Introduction (366)/cover.jpg",
	formats = "pdf",
	isbn = "978-08-2189-138-4",
	month = "mar",
	publisher = "American Mathematical Soc.",
	size = "3234134 octets",
	title = "Classical Mechanics With Calculus of Variations and Optimal Control: An Intuitive Introduction",
	title_sort = "Classical Mechanics With Calculus of Variations and Optimal Control: An Intuitive Introduction",
	volume = "1",
	year = "2014"
}

@book{L.Cesari368,
	author = "L. Cesari",
	author_sort = "Cesari, L.",
	cover = "/home/fernando/fer/Biblioteca/Biblioteca de calibre/L. Cesari/Optimization--Theory and Applications\_ Problems With Ordinary Differential Equations (368)/cover.jpg",
	formats = "pdf",
	isbn = "978-14-6138-165-5",
	month = "dic",
	publisher = "Springer Science \& Business Media",
	size = "20616614 octets",
	title = "Optimization---Theory and Applications: Problems With Ordinary Differential Equations",
	title_sort = "Optimization---Theory and Applications: Problems With Ordinary Differential Equations",
	volume = "1",
	year = "2012"
}

@book{ShankarSastry382,
	author = "Shankar Sastry",
	author_sort = "Sastry, Shankar",
	cover = "/home/fernando/fer/Biblioteca/Biblioteca de calibre/Shankar Sastry/Nonlinear Systems\_ Analysis, Stability, and Control (382)/cover.jpg",
	formats = "djvu",
	isbn = "978-03-8798-513-8",
	month = "jun",
	publisher = "Springer New York",
	size = "11495572 octets",
	title = "Nonlinear Systems: Analysis, Stability, and Control",
	title_sort = "Nonlinear Systems: Analysis, Stability, and Control",
	volume = "1",
	year = "1999"
}

@book{KatalinM.Hangos416,
	author = "Katalin M. Hangos and J{\'o}zsef Bokor and Gabor Szederkenyi and G{\'a}bor Szederk{\'e}nyi",
	author_sort = "Hangos, Katalin M. \& Bokor, J{\'o}zsef \& Szederkenyi, Gabor \& Szederk{\'e}nyi, G{\'a}bor",
	cover = "/home/fernando/fer/Biblioteca/Biblioteca de calibre/Katalin M. Hangos/Analysis and Control of Nonlinear Process Systems (416)/cover.jpg",
	formats = "pdf",
	isbn = "978-18-5233-600-4",
	month = "feb",
	publisher = "Springer Science \& Business Media",
	size = "3723553 octets",
	title = "Analysis and Control of Nonlinear Process Systems",
	title_sort = "Analysis and Control of Nonlinear Process Systems",
	volume = "1",
	year = "2004"
}

@book{MikeMesterton-Gibbons498,
	author = "Mike Mesterton-Gibbons",
	author_sort = "Mesterton-Gibbons, Mike",
	cover = "/home/fernando/fer/Biblioteca/Biblioteca de calibre/Mike Mesterton-Gibbons/A Primer on the Calculus of Variations and Optimal Control Theory (498)/cover.jpg",
	formats = "pdf",
	isbn = "978-08-2184-772-5",
	month = "may",
	publisher = "American Mathematical Soc.",
	size = "3167339 octets",
	title = "A Primer on the Calculus of Variations and Optimal Control Theory",
	title_sort = "A Primer on the Calculus of Variations and Optimal Control Theory",
	volume = "1",
	year = "2009"
}

@book{A.Seierstad499,
	author = "A. Seierstad and K. Syds{\ae}ter",
	author_sort = "Seierstad, A. \& Syds{\ae}ter, K.",
	cover = "/home/fernando/fer/Biblioteca/Biblioteca de calibre/A. Seierstad/Optimal Control Theory With Economic Applications (499)/cover.jpg",
	formats = "djvu",
	isbn = "978-04-4487-923-3",
	month = "feb",
	publisher = "Elsevier Science",
	size = "3077724 octets",
	title = "Optimal Control Theory With Economic Applications",
	title_sort = "Optimal Control Theory With Economic Applications",
	volume = "1",
	year = "1987"
}

@misc{LawrenceEvans500,
	author = "Lawrence Evans",
	note = "Lecture Notes",
	title = "An introduction to mathematical optimal control theory version 0.2",
	url = "https://math.berkeley.edu/~evans/control.course.pdf",
	year = "1985"
}

@book{HartmutLogemann501,
	author = "Hartmut Logemann and Eugene P Ryan",
	author_sort = "Logemann, Hartmut \& Ryan, Eugene P",
	cover = "/home/fernando/fer/Biblioteca/Biblioteca de calibre/Hartmut Logemann/Ordinary Differential Equations\_ Analysis, Qualitative Theory and Control (501)/cover.jpg",
	formats = "pdf",
	isbn = "978-14-4716-397-8",
	month = "mar",
	publisher = "Springer London",
	size = "3516068 octets",
	title = "Ordinary Differential Equations: Analysis, Qualitative Theory and Control",
	title_sort = "Ordinary Differential Equations: Analysis, Qualitative Theory and Control",
	volume = "1",
	year = "2014"
}

@book{AndreiA.Agrachev886,
	author = "Andrei A. Agrachev and Yuri Sachkov",
	author_sort = "Agrachev, Andrei A. \& Sachkov, Yuri",
	cover = "/home/fernando/fer/Biblioteca/Biblioteca de calibre/Andrei A. Agrachev/Control Theory From the Geometric Viewpoint (886)/cover.jpg",
	formats = "pdf",
	isbn = "978-36-6206-404-7",
	month = "mar",
	publisher = "Springer Science \& Business Media",
	size = "2037936 octets",
	title = "Control Theory From the Geometric Viewpoint",
	title_sort = "Control Theory From the Geometric Viewpoint",
	volume = "1",
	year = "2013"
}

@book{DonaldE.Kirk887,
	author = "Donald E. Kirk",
	author_sort = "Kirk, Donald E.",
	cover = "/home/fernando/fer/Biblioteca/Biblioteca de calibre/Donald E. Kirk/Optimal Control Theory\_ An Introduction (887)/cover.jpg",
	formats = "pdf",
	isbn = "978-04-8643-484-1",
	month = "ene",
	publisher = "Courier Corporation",
	size = "10848822 octets",
	title = "Optimal Control Theory: An Introduction",
	title_sort = "Optimal Control Theory: An Introduction",
	volume = "1",
	year = "2004"
}

@book{A.Anzaldo-Meneses888,
	author = "A. Anzaldo-Meneses",
	author_sort = "Anzaldo-Meneses, A.",
	cover = "/home/fernando/fer/Biblioteca/Biblioteca de calibre/A. Anzaldo-Meneses/Contemporary Trends in Nonlinear Geometric Control Theory and Its Applications (888)/cover.jpg",
	formats = "pdf",
	isbn = "978-98-1024-841-3",
	month = "mar",
	publisher = "World Scientific",
	size = "19675624 octets",
	title = "Contemporary Trends in Nonlinear Geometric Control Theory and Its Applications",
	title_sort = "Contemporary Trends in Nonlinear Geometric Control Theory and Its Applications",
	volume = "1",
	year = "2002"
}

@book{Gennadi?AlekseevichLeonov889,
	author = "Gennadi? Alekseevich Leonov",
	author_sort = "Leonov, Gennadi? Alekseevich",
	cover = "/home/fernando/fer/Biblioteca/Biblioteca de calibre/Gennadi\_ Alekseevich Leonov/Mathematical Problems of Control Theory\_ An Introduction (889)/cover.jpg",
	formats = "pdf",
	isbn = "978-98-1024-694-5",
	month = "mar",
	publisher = "World Scientific",
	size = "5845527 octets",
	title = "Mathematical Problems of Control Theory: An Introduction",
	title_sort = "Mathematical Problems of Control Theory: An Introduction",
	volume = "1",
	year = "2001"
}

@book{JerzyZabczyk892,
	author = "Jerzy Zabczyk",
	author_sort = "Zabczyk, Jerzy",
	cover = "/home/fernando/fer/Biblioteca/Biblioteca de calibre/Jerzy Zabczyk/Mathematical Control Theory\_ An Introduction (892)/cover.jpg",
	formats = "pdf",
	isbn = "978-08-1764-733-9",
	month = "nov",
	publisher = "Springer Science \& Business Media",
	size = "9605693 octets",
	title = "Mathematical Control Theory: An Introduction",
	title_sort = "Mathematical Control Theory: An Introduction",
	volume = "1",
	year = "2009"
}

@book{MadhuN.Belur893,
	author = "Madhu N. Belur and M. Kanat Camlibel and Paolo Rapisarda and Jacquelien M. A. Scherpen",
	author_sort = "Belur, Madhu N. \& Camlibel, M. Kanat \& Rapisarda, Paolo \& Scherpen, Jacquelien M. A.",
	cover = "/home/fernando/fer/Biblioteca/Biblioteca de calibre/Madhu N. Belur/Mathematical Control Theory II\_ Behavioral Systems and Robust Control (893)/cover.jpg",
	formats = "pdf",
	isbn = "978-33-1921-003-2",
	month = "jul",
	publisher = "Springer",
	size = "4317772 octets",
	title = "Mathematical Control Theory II: Behavioral Systems and Robust Control",
	title_sort = "Mathematical Control Theory II: Behavioral Systems and Robust Control",
	volume = "1",
	year = "2015"
}

@book{RafaelMartinez-Guerra894,
	author = "Rafael Mart\'{\i}nez-Guerra and Oscar Mart\'{\i}nez-Fuentes and Juan Javier Montesinos-Garc\'{\i}a",
	author_sort = "Mart\'{\i}nez-Guerra, Rafael \& Mart\'{\i}nez-Fuentes, Oscar \& Montesinos-Garc\'{\i}a, Juan Javier",
	cover = "/home/fernando/fer/Biblioteca/Biblioteca de calibre/Rafael Martinez-Guerra/Algebraic and Differential Methods for Nonlinear Control Theory\_ Elements of Commutative Algebr (894)/cover.jpg",
	formats = "pdf",
	isbn = "978-30-3012-024-5",
	month = "mar",
	publisher = "Springer International Publishing",
	size = "3346821 octets",
	title = "Algebraic and Differential Methods for Nonlinear Control Theory: Elements of Commutative Algebra and Algebraic Geometry",
	title_sort = "Algebraic and Differential Methods for Nonlinear Control Theory: Elements of Commutative Algebra and Algebraic Geometry",
	volume = "1",
	year = "2019"
}

@book{M.KanatCamlibel895,
	author = "M. Kanat Camlibel and A. Agung Julius and Ramkrishna Pasumarthy and Jacquelien M. A. Scherpen",
	author_sort = "Camlibel, M. Kanat \& Julius, A. Agung \& Pasumarthy, Ramkrishna \& Scherpen, Jacquelien M. A.",
	cover = "/home/fernando/fer/Biblioteca/Biblioteca de calibre/M. Kanat Camlibel/Mathematical Control Theory I\_ Nonlinear and Hybrid Control Systems (895)/cover.jpg",
	formats = "pdf",
	isbn = "978-33-1920-988-3",
	month = "jul",
	publisher = "Springer",
	size = "9305464 octets",
	title = "Mathematical Control Theory I: Nonlinear and Hybrid Control Systems",
	title_sort = "Mathematical Control Theory I: Nonlinear and Hybrid Control Systems",
	volume = "1",
	year = "2015"
}

@book{D.SubbaramNaidu896,
	author = "D. Subbaram Naidu",
	author_sort = "Naidu, D. Subbaram",
	cover = "/home/fernando/fer/Biblioteca/Biblioteca de calibre/D. Subbaram Naidu/Optimal Control Systems (896)/cover.jpg",
	formats = "pdf",
	isbn = "978-08-4930-892-5",
	month = "ago",
	publisher = "CRC Press",
	size = "14575747 octets",
	title = "Optimal Control Systems",
	title_sort = "Optimal Control Systems",
	volume = "1",
	year = "2002"
}

@book{LeonardDavidBerkovitz928,
	author = "Leonard David Berkovitz and Negash G. Medhin",
	author_sort = "Berkovitz, Leonard David \& Medhin, Negash G.",
	cover = "/home/fernando/fer/Biblioteca/Biblioteca de calibre/Leonard David Berkovitz/Nonlinear Optimal Control Theory (928)/cover.jpg",
	formats = "pdf",
	isbn = "978-14-6656-026-0",
	month = "ago",
	publisher = "CRC Press",
	size = "3317493 octets",
	title = "Nonlinear Optimal Control Theory",
	title_sort = "Nonlinear Optimal Control Theory",
	volume = "1",
	year = "2012"
}

@misc{calibre930,
	author = "calibre",
	author_sort = "calibre",
	formats = "bib",
	month = "jun",
	size = "12300 octets",
	title = "control",
	title_sort = "control",
	volume = "1",
	year = "2021"
}

@phdthesis{frego2014numerical,
	author = "Marco Frego",
	school = "University of Trento",
	title = "Numerical methods for optimal control problems with application to autonomous vehicles",
	year = "2014"
}

@article{rao2009survey,
	author = "Anil V Rao",
	journal = "Advances in the Astronautical Sciences",
	localfile = "/home/fernando/fer/Hemeroteca/control_optimo/A_Survey_of_Numerical_Methods_for_Optimal_Control.pdf",
	number = "1",
	pages = "497--528",
	publisher = "Univelt, Inc.",
	title = "A survey of numerical methods for optimal control",
	volume = "135",
	x-color = "#cc3300",
	year = "2009"
}

