@book{ MiklosFarkas469,
    title = "Dynamical Models in Biology",
    title_sort = "Dynamical Models in Biology",
    author_sort = "Farkas, Mikl처s",
    author = "Mikl처s Farkas",
    cover = "/home/fernando/fer/Biblioteca/Biblioteca de calibre/Miklos Farkas/Dynamical Models in Biology (469)/cover.jpg",
    formats = "pdf",
    isbn = "978-00-8053-060-4",
    year = "2001",
    month = "jun",
    publisher = "Academic Press",
    volume = "1",
    size = "11585086 octets" }

@book{ JamesD.Murray470,
    title = "Mathematical Biology: I. An Introduction",
    title_sort = "Mathematical Biology: I. An Introduction",
    author_sort = "Murray, James D.",
    author = "James D. Murray",
    cover = "/home/fernando/fer/Biblioteca/Biblioteca de calibre/James D. Murray/Mathematical Biology\_ I. An Introduction (470)/cover.jpg",
    formats = "pdf",
    isbn = "978-03-8722-437-4",
    year = "2007",
    month = "jun",
    publisher = "Springer Science \& Business Media",
    volume = "1",
    size = "4777256 octets" }

@book{ GlennLedder471,
    title = "Mathematics for the Life Sciences: Calculus, Modeling, Probability, and Dynamical Systems",
    title_sort = "Mathematics for the Life Sciences: Calculus, Modeling, Probability, and Dynamical Systems",
    author_sort = "Ledder, Glenn",
    author = "Glenn Ledder",
    cover = "/home/fernando/fer/Biblioteca/Biblioteca de calibre/Glenn Ledder/Mathematics for the Life Sciences\_ Calculus, Modeling, Probability, and Dynamical Systems (471)/cover.jpg",
    formats = "pdf",
    isbn = "978-14-6147-276-6",
    year = "2013",
    month = "ago",
    publisher = "Springer Science \& Business Media",
    volume = "1",
    size = "4701208 octets" }

@book{ BerndBlasius472,
    title = "Complex Population Dynamics: Nonlinear Modeling in Ecology, Epidemiology, and Genetics",
    title_sort = "Complex Population Dynamics: Nonlinear Modeling in Ecology, Epidemiology, and Genetics",
    author_sort = "Blasius, Bernd \& Kurths, J혖rgen \& Stone, Lewi",
    author = "Bernd Blasius and J혖rgen Kurths and Lewi Stone",
    cover = "/home/fernando/fer/Biblioteca/Biblioteca de calibre/Bernd Blasius/Complex Population Dynamics\_ Nonlinear Modeling in Ecology, Epidemiology, and Genetics (472)/cover.jpg",
    formats = "pdf",
    isbn = "978-98-1277-157-5",
    year = "2007",
    month = "mar",
    publisher = "World Scientific",
    volume = "1",
    size = "12869549 octets" }

@book{ JamesD.Murray473,
    title = "Mathematical Biology II: Spatial Models and Biomedical Applications",
    title_sort = "Mathematical Biology II: Spatial Models and Biomedical Applications",
    author_sort = "Murray, James D.",
    author = "James D. Murray",
    cover = "/home/fernando/fer/Biblioteca/Biblioteca de calibre/James D. Murray/Mathematical Biology II\_ Spatial Models and Biomedical Applications (473)/cover.jpg",
    formats = "pdf",
    isbn = "978-03-8795-228-4",
    year = "2011",
    month = "feb",
    publisher = "Springer Science \& Business Media",
    volume = "1",
    size = "12125789 octets" }

@book{ LindaJ.S.Allen474,
    title = "An Introduction to Mathematical Biology",
    title_sort = "An Introduction to Mathematical Biology",
    author_sort = "Allen, Linda J. S.",
    author = "Linda J. S. Allen",
    cover = "/home/fernando/fer/Biblioteca/Biblioteca de calibre/Linda J. S. Allen/An Introduction to Mathematical Biology (474)/cover.jpg",
    formats = "pdf",
    isbn = "978-01-3035-216-3",
    year = "2007",
    month = "mar",
    publisher = "Pearson/Prentice Hall",
    volume = "1",
    size = "84862313 octets" }

@book{ ElizabethS.Allman475,
    title = "Mathematical Models in Biology: An Introduction",
    title_sort = "Mathematical Models in Biology: An Introduction",
    author_sort = "Allman, Elizabeth S. \& Allman, Elizabeth S \& Rhodes, John A.",
    author = "Elizabeth S. Allman and Elizabeth S Allman and John A. Rhodes",
    cover = "/home/fernando/fer/Biblioteca/Biblioteca de calibre/Elizabeth S. Allman/Mathematical Models in Biology\_ An Introduction (475)/cover.jpg",
    formats = "djvu",
    isbn = "978-05-2152-586-2",
    year = "2004",
    month = "mar",
    publisher = "Cambridge University Press",
    volume = "1",
    size = "2486022 octets" }

@book{ RobertSmith476,
    title = "Mathematical Modelling of Zombies",
    title_sort = "Mathematical Modelling of Zombies",
    author_sort = "Smith, Robert",
    author = "Robert Smith",
    cover = "/home/fernando/fer/Biblioteca/Biblioteca de calibre/Robert Smith/Mathematical Modelling of Zombies (476)/cover.jpg",
    formats = "pdf",
    isbn = "978-07-7662-210-1",
    year = "2014",
    month = "mar",
    publisher = "University of Ottawa Press",
    volume = "1",
    size = "5499802 octets" }

@book{ ZhienMa477,
    title = "Modeling and Dynamics of Infectious Diseases",
    title_sort = "Modeling and Dynamics of Infectious Diseases",
    author_sort = "Ma, Zhien \& Zhou, Yicang \& Wu, Jianhong",
    author = "Zhien Ma and Yicang Zhou and Jianhong Wu",
    cover = "/home/fernando/fer/Biblioteca/Biblioteca de calibre/Zhien Ma/Modeling and Dynamics of Infectious Diseases (477)/cover.jpg",
    formats = "pdf",
    isbn = "978-98-1426-125-8",
    year = "2009",
    month = "mar",
    publisher = "World Scientific",
    volume = "1",
    size = "16876852 octets" }

@book{ FredBrauer478,
    title = "Mathematical Epidemiology",
    title_sort = "Mathematical Epidemiology",
    author_sort = "Brauer, Fred \& Driessche, Pauline van Den \& Wu, J.",
    author = "Fred Brauer and Pauline van Den Driessche and J. Wu",
    cover = "/home/fernando/fer/Biblioteca/Biblioteca de calibre/Fred Brauer/Mathematical Epidemiology (478)/cover.jpg",
    formats = "pdf",
    isbn = "978-35-4078-910-9",
    year = "2008",
    month = "abr",
    publisher = "Springer Science \& Business Media",
    volume = "1",
    size = "10387415 octets" }

@book{ FredBrauer479,
    title = "Mathematical Models in Population Biology and Epidemiology",
    title_sort = "Mathematical Models in Population Biology and Epidemiology",
    author_sort = "Brauer, Fred \& Castillo-Chavez, Carlos",
    author = "Fred Brauer and Carlos Castillo-Chavez",
    cover = "/home/fernando/fer/Biblioteca/Biblioteca de calibre/Fred Brauer/Mathematical Models in Population Biology and Epidemiology (479)/cover.jpg",
    formats = "pdf",
    isbn = "978-14-7573-516-1",
    year = "2013",
    month = "mar",
    publisher = "Springer Science \& Business Media",
    volume = "1",
    size = "3363550 octets" }

@book{ MaiaMartcheva480,
    title = "An Introduction to Mathematical Epidemiology",
    title_sort = "An Introduction to Mathematical Epidemiology",
    author_sort = "Martcheva, Maia",
    author = "Maia Martcheva",
    cover = "/home/fernando/fer/Biblioteca/Biblioteca de calibre/Maia Martcheva/An Introduction to Mathematical Epidemiology (480)/cover.jpg",
    formats = "pdf",
    isbn = "978-14-8997-612-3",
    year = "2015",
    month = "oct",
    publisher = "Springer",
    volume = "1",
    size = "7025091 octets" }

@book{ DongmeiChen481,
    title = "Analyzing and Modeling Spatial and Temporal Dynamics of Infectious Diseases",
    title_sort = "Analyzing and Modeling Spatial and Temporal Dynamics of Infectious Diseases",
    author_sort = "Chen, Dongmei \& Moulin, Bernard \& Wu, Jianhong",
    author = "Dongmei Chen and Bernard Moulin and Jianhong Wu",
    cover = "/home/fernando/fer/Biblioteca/Biblioteca de calibre/Dongmei Chen/Analyzing and Modeling Spatial and Temporal Dynamics of Infectious Diseases (481)/cover.jpg",
    formats = "pdf",
    isbn = "978-11-1862-993-2",
    year = "2014",
    month = "dic",
    publisher = "John Wiley \& Sons",
    volume = "1",
    size = "10115595 octets" }

@book{ FredBrauer482,
    title = "Mathematical Models in Epidemiology",
    title_sort = "Mathematical Models in Epidemiology",
    author_sort = "Brauer, Fred \& Castillo-Chavez, Carlos \& Feng, Zhilan",
    author = "Fred Brauer and Carlos Castillo-Chavez and Zhilan Feng",
    cover = "/home/fernando/fer/Biblioteca/Biblioteca de calibre/Fred Brauer/Mathematical Models in Epidemiology (482)/cover.jpg",
    formats = "pdf",
    isbn = "978-14-9399-828-9",
    year = "2019",
    month = "oct",
    publisher = "Springer Nature",
    volume = "1",
    size = "16148562 octets" }

@book{ LindaJ.S.Allen483,
    title = "A primer on stochastic epidemic models: Formulation, numerical simulation, and analysis",
    title_sort = "A primer on stochastic epidemic models: Formulation, numerical simulation, and analysis",
    author_sort = "Allen, Linda J.S.",
    author = "Linda J.S. Allen",
    cover = "/home/fernando/fer/Biblioteca/Biblioteca de calibre/Linda J.S. Allen/A primer on stochastic epidemic models\_ Formulation, numerical simulation, and analysis (483)/cover.jpg",
    formats = "pdf",
    year = "2017",
    month = "mar",
    publisher = "Elsevier B.V.",
    volume = "1",
    size = "1709356 octets" }

@misc{ LindaJ.S.Allen484,
    title = "An Introduction to Stochastic Epidemic Models",
    title_sort = "StochEpidModels.dvi",
    author_sort = "Desconocido",
    author = "Linda J. S. Allen",
    cover = "/home/fernando/fer/Biblioteca/Biblioteca de calibre/Linda J. S. Allen/An Introduction to Stochastic Epidemic Models (484)/cover.jpg",
    formats = "pdf",
    year = "100",
    month = "dic",
    volume = "1",
    size = "718955 octets" }

@book{ DavidClayton485,
    title = "Statistical Models in Epidemiology",
    title_sort = "Statistical Models in Epidemiology",
    author_sort = "Clayton, David \& Hills, Michael",
    author = "David Clayton and Michael Hills",
    cover = "/home/fernando/fer/Biblioteca/Biblioteca de calibre/David Clayton/Statistical Models in Epidemiology (485)/cover.jpg",
    formats = "pdf",
    isbn = "978-01-9165-091-8",
    year = "2013",
    month = "ene",
    publisher = "OUP Oxford",
    volume = "1",
    size = "14189156 octets" }

@book{ LindaS.Allen486,
    title = "Stochastic Population and Epidemic Models: Persistence and Extinction",
    title_sort = "Stochastic Population and Epidemic Models: Persistence and Extinction",
    author_sort = "Allen, Linda S.",
    author = "Linda S. Allen",
    cover = "/home/fernando/fer/Biblioteca/Biblioteca de calibre/Linda S. Allen/Stochastic Population and Epidemic Models\_ Persistence and Extinction (486)/cover.jpg",
    formats = "pdf",
    isbn = "978-33-1921-553-2",
    year = "2015",
    month = "sep",
    publisher = "Springer International Publishing",
    volume = "1",
    size = "1275158 octets" }

@book{ GerardoChowell487,
    title = "Mathematical and Statistical Estimation Approaches in Epidemiology",
    title_sort = "Mathematical and Statistical Estimation Approaches in Epidemiology",
    author_sort = "Chowell, Gerardo \& Hayman, James M. \& Bettencourt, Lu챠s M. A. \& Castillo-Chavez, Carlos",
    author = "Gerardo Chowell and James M. Hayman and Lu챠s M. A. Bettencourt and Carlos Castillo-Chavez",
    cover = "/home/fernando/fer/Biblioteca/Biblioteca de calibre/Gerardo Chowell/Mathematical and Statistical Estimation Approaches in Epidemiology (487)/cover.jpg",
    formats = "pdf",
    isbn = "978-90-4812-313-1",
    year = "2009",
    month = "jun",
    publisher = "Springer Science \& Business Media",
    volume = "1",
    size = "4516273 octets" }

@book{ OttarN.Bjornstad488,
    title = "Epidemics: Models and Data Using R",
    title_sort = "Epidemics: Models and Data Using R",
    author_sort = "Bj첩rnstad, Ottar N.",
    author = "Ottar N. Bj첩rnstad",
    cover = "/home/fernando/fer/Biblioteca/Biblioteca de calibre/Ottar N. Bjornstad/Epidemics\_ Models and Data Using R (488)/cover.jpg",
    formats = "pdf",
    isbn = "978-33-1997-486-6",
    year = "2018",
    month = "nov",
    publisher = "Springer International Publishing",
    volume = "1",
    size = "19401292 octets" }

@book{ MichaelY.Li491,
    title = "An Introduction to Mathematical Modeling of Infectious Diseases",
    title_sort = "An Introduction to Mathematical Modeling of Infectious Diseases",
    author_sort = "Li, Michael Y.",
    author = "Michael Y. Li",
    cover = "/home/fernando/fer/Biblioteca/Biblioteca de calibre/Michael Y. Li/An Introduction to Mathematical Modeling of Infectious Diseases (491)/cover.jpg",
    formats = "pdf",
    isbn = "978-33-1972-122-4",
    year = "2018",
    month = "ene",
    publisher = "Springer",
    volume = "1",
    size = "1883772 octets" }

@book{ QinglingZhangChaoLiuXueZhang492,
    title = "Complexity, analysis and control of singular biological systems",
    title_sort = "Desconocido",
    author_sort = "-Springer-Verlag",
    author = "Qingling Zhang, Chao Liu, Xue Zhang",
    cover = "/home/fernando/fer/Biblioteca/Biblioteca de calibre/Qingling Zhang, Chao Liu, Xue Zhang/Complexity, analysis and control of singular biological systems (492)/cover.jpg",
    formats = "pdf",
    isbn = "978-14-4712-303-3",
    year = "2012",
    month = "mar",
    publisher = "Springer",
    volume = "1",
    size = "4142061 octets" }

@book{ CarlosCastillo-Chavez493,
    title = "Mathematical Approaches for Emerging and Reemerging Infectious Diseases: An Introduction",
    title_sort = "Mathematical Approaches for Emerging and Reemerging Infectious Diseases: An Introduction",
    author_sort = "Castillo-Chavez, Carlos \& Blower, Sally \& Driessche, Pauline van Den \& Kirschner, Denise \& Yakubu, Abdul-Aziz",
    author = "Carlos Castillo-Chavez and Sally Blower and Pauline van Den Driessche and Denise Kirschner and Abdul-Aziz Yakubu",
    cover = "/home/fernando/fer/Biblioteca/Biblioteca de calibre/Carlos Castillo-Chavez/Mathematical Approaches for Emerging and Reemerging Infectious Diseases\_ An Introduction (493)/cover.jpg",
    formats = "pdf",
    isbn = "978-03-8795-354-0",
    year = "2002",
    month = "may",
    publisher = "Springer Science \& Business Media",
    volume = "1",
    size = "10748748 octets" }

@book{ RobJHyndman497,
    title = "Forecasting: Principles and Practice",
    title_sort = "Forecasting: Principles and Practice",
    author_sort = "Hyndman, Rob J \& Athanasopoulos, George",
    author = "Rob J Hyndman and George Athanasopoulos",
    cover = "/home/fernando/fer/Biblioteca/Biblioteca de calibre/Rob J Hyndman/Forecasting\_ Principles and Practice (497)/cover.jpg",
    formats = "pdf",
    isbn = "978-09-8750-711-2",
    year = "2018",
    month = "may",
    publisher = "OTexts",
    volume = "1",
    size = "16805564 octets" }

@book{ HakanAndersson539,
    title = "Stochastic Epidemic Models and Their Statistical Analysis",
    title_sort = "Stochastic Epidemic Models and Their Statistical Analysis",
    author_sort = "Andersson, Hakan \& Britton, Tom",
    author = "Hakan Andersson and Tom Britton",
    cover = "/home/fernando/fer/Biblioteca/Biblioteca de calibre/Hakan Andersson/Stochastic Epidemic Models and Their Statistical Analysis (539)/cover.jpg",
    formats = "pdf",
    isbn = "978-03-8795-050-1",
    year = "2000",
    month = "ago",
    publisher = "Springer New York",
    volume = "1",
    size = "3413591 octets" }

@book{ TomBritton613,
    title = "Stochastic Epidemic Models With Inference",
    title_sort = "Stochastic Epidemic Models With Inference",
    author_sort = "Britton, Tom \& Pardoux, Etienne",
    author = "Tom Britton and Etienne Pardoux",
    cover = "/home/fernando/fer/Biblioteca/Biblioteca de calibre/Tom Britton/Stochastic Epidemic Models With Inference (613)/cover.jpg",
    formats = "pdf",
    isbn = "978-30-3030-900-8",
    year = "2019",
    month = "nov",
    publisher = "Springer Nature",
    volume = "1",
    size = "909475 octets" }

@book{ OdoDiekmann614,
    title = "Mathematical Tools for Understanding Infectious Disease Dynamics",
    title_sort = "Mathematical Tools for Understanding Infectious Disease Dynamics",
    author_sort = "Diekmann, Odo \& Heesterbeek, Hans \& Britton, Tom",
    author = "Odo Diekmann and Hans Heesterbeek and Tom Britton",
    cover = "/home/fernando/fer/Biblioteca/Biblioteca de calibre/Odo Diekmann/Mathematical Tools for Understanding Infectious Disease Dynamics (614)/cover.jpg",
    formats = "pdf",
    isbn = "978-06-9115-539-5",
    year = "2012",
    month = "nov",
    publisher = "Princeton University Press",
    volume = "1",
    size = "6685246 octets" }

@book{ LyleD.Broemeling615,
    title = "Bayesian Inference for Stochastic Processes",
    title_sort = "Bayesian Inference for Stochastic Processes",
    author_sort = "Broemeling, Lyle D.",
    author = "Lyle D. Broemeling",
    cover = "/home/fernando/fer/Biblioteca/Biblioteca de calibre/Lyle D. Broemeling/Bayesian Inference for Stochastic Processes (615)/cover.jpg",
    formats = "pdf",
    isbn = "978-13-1530-357-4",
    year = "2017",
    month = "dic",
    publisher = "CRC Press",
    volume = "1",
    size = "3638017 octets" }

@book{ LindaJ.S.Allen616,
    title = "An Introduction to Stochastic Processes With Applications to Biology",
    title_sort = "An Introduction to Stochastic Processes With Applications to Biology",
    author_sort = "Allen, Linda J. S.",
    author = "Linda J. S. Allen",
    cover = "/home/fernando/fer/Biblioteca/Biblioteca de calibre/Linda J. S. Allen/An Introduction to Stochastic Processes With Applications to Biology (616)/cover.jpg",
    formats = "pdf",
    isbn = "978-14-3989-468-2",
    year = "2010",
    month = "dic",
    publisher = "CRC Press",
    volume = "1",
    size = "4344390 octets" }

