@article{Pastor-Satorras2001,
	author = "Pastor-Satorras, Romualdo and Vespignani, Alessandro",
	issn = "1079-7114",
	journal = "Physical Review Letters",
	localfile = "../../../../Hemeroteca/Aplicaciones/epidemiologia/Epidemic Spreading in Scale-Free Networks.pdf",
	month = "Apr",
	number = "14",
	pages = "3200--3203",
	publisher = "American Physical Society (APS)",
	title = "Epidemic Spreading in Scale-Free Networks",
	volume = "86",
	x-color = "#cc3300",
	x-fetchedfrom = "DOI",
	year = "2001"
}

@article{rowthorn2009optimal,
	author = "Rowthorn, Robert E and Laxminarayan, Ramanan and Gilligan, Christopher A",
	journal = "Journal of the Royal Society Interface",
	keywords = "control; estructura",
	localfile = "../../../../Hemeroteca/Aplicaciones/epidemiologia/Optimal control of epidemics in metapopulations.pdf; Optimal control of epidemics in metapopulations.pdf",
	number = "41",
	pages = "1135--1144",
	publisher = "The Royal Society London",
	title = "{Optimal control of epidemics in metapopulations}",
	volume = "6",
	x-color = "#cc3300",
	year = "2009"
}

@article{asano2008optimal,
	author = "Asano, Erika and Gross, Louis J and Lenhart, Suzanne and Real, Leslie A",
	journal = "Mathematical Biosciences \& Engineering",
	keywords = "control; estructura",
	localfile = "../../../../Hemeroteca/Aplicaciones/epidemiologia/OPTIMAL CONTROL OF VACCINE DISTRIBUTION IN ARABIES METAPOPULATION MODEL.pdf; OPTIMAL CONTROL OF VACCINE DISTRIBUTION IN ARABIES METAPOPULATION MODEL.pdf",
	number = "2",
	pages = "219",
	publisher = "American Institute of Mathematical Sciences",
	title = "Optimal control of vaccine distribution in a rabies metapopulation model",
	volume = "5",
	x-color = "#cc3300",
	year = "2008"
}

@article{Pastor-Satorras2001b,
	author = "Pastor-Satorras, Romualdo and Vespignani, Alessandro",
	doi = "10.1103/physreve.63.066117",
	issn = "1095-3787",
	journal = "Physical Review E",
	localfile = "../../../../Hemeroteca/Aplicaciones/epidemiologia/Epidemic dynamics and endemic states in complex networks.pdf",
	month = "May",
	number = "6",
	publisher = "American Physical Society (APS)",
	title = "Epidemic dynamics and endemic states in complex networks",
	url = "http://dx.doi.org/10.1103/physreve.63.066117",
	volume = "63",
	x-color = "#cc3300",
	x-fetchedfrom = "DOI",
	year = "2001"
}

@article{yan2008optimal,
	author = "Yan, Xiefei and Zou, Yun",
	journal = "Mathematical and Computer Modelling",
	keywords = "epidemias; control",
	localfile = "Optimal and sub-optimal quarantine and isolation control in SARS epidemics.pdf",
	number = "1-2",
	pages = "235--245",
	publisher = "Elsevier",
	title = "{Optimal and sub-optimal quarantine and isolation control in SARS epidemics}",
	volume = "47",
	year = "2008"
}

@article{yan2007optimal,
	author = "Yan, Xiefei and Zou, Yun and Li, Jianliang",
	journal = "World Journal of Modelling and Simulation",
	keywords = "control",
	localfile = "Optimal quarantine and isolation strategies in epidemics control.pdf; Optimal quarantine and isolation strategies in epidemics control.pdf",
	number = "3",
	pages = "202--211",
	publisher = "Citeseer",
	title = "{Optimal quarantine and isolation strategies in epidemics control}",
	volume = "3",
	year = "2007"
}

@article{Sures-1978,
	author = "Sethi, Suresh P.",
	doi = "10.2307/3009454",
	issnp = "0160-5682",
	issue = "3",
	journal = "Journal of the Operational Research Society",
	keywords = "control",
	localfile = "Optimal Quarantine Programmes for Controlling an Epidemic Spread.pdf",
	month = "03",
	page = "265--268",
	publisher = "Palgrave Publishers Ltd.",
	title = "{Optimal Quarantine Programmes for Controlling an Epidemic Spread}",
	volume = "29",
	year = "1978"
}

@article{Hors-2000,
	author = "Behncke, Horst",
	issne = "1099-1514",
	issnp = "0143-2087",
	issue = "6",
	journal = "Optimal Control Applications and Methods",
	keywords = "control",
	localfile = "Optimal control of deterministic epidemics.pdf",
	page = "269--285",
	publisher = "John Wiley and Sons",
	title = "{Optimal control of deterministic epidemics}",
	volume = "21",
	year = "2000"
}

@article{lefevre1981optimal,
	author = "Lef{\'e}vre, Claude",
	journal = "Operations Research",
	keywords = "control",
	localfile = "Optimal Control of a Birth and Death Epidemic Process.pdf",
	number = "5",
	pages = "971--982",
	publisher = "INFORMS",
	title = "{Optimal control of a birth and death epidemic process}",
	volume = "29",
	year = "1981"
}

@article{iacoviello2013optimal,
	author = "Iacoviello, Daniela and Stasio, Nicolino",
	journal = "Computer methods and programs in biomedicine",
	keywords = "control",
	localfile = "Optimal control for SIRC epidemic outbreak.pdf; Optimal control for SIRC epidemic outbreak.pdf",
	number = "3",
	pages = "333--342",
	publisher = "Elsevier",
	title = "{Optimal control for SIRC epidemic outbreak}",
	volume = "110",
	year = "2013"
}

@article{Sunm-2010,
	author = "Castillo-Ch{\'a}vez, Sunmi Lee; Gerardo Chowell; Carlos",
	doi = "10.1016/j.jtbi.2010.04.003",
	issne = "1095-8541",
	issnp = "0022-5193",
	issue = "2",
	journal = "Journal of Theoretical Biology",
	keywords = "control",
	localfile = "Optimal control for pandemic influenza- The role of limi.pdf",
	page = "136--150",
	publisher = "Elsevier Science",
	title = "Optimal control for pandemic influenza: The role of limited antiviral treatment and isolation"
}

@article{Lee-2015,
	author = "Lee, Sunmi; Castillo-Chavez, Carlos",
	doi = "10.1016/j.jtbi.2015.03.005",
	issne = "1095-8541",
	issnp = "0022-5193",
	journal = "Journal of Theoretical Biology",
	keywords = "estructura; networks variables",
	localfile = "The role of residence times in two-patch dengue transmission dynamics and optimal strategies.pdf",
	month = "06",
	page = "152--164",
	publisher = "Elsevier Science",
	title = "The role of residence times in two-patch dengue transmission dynamics and optimal strategies"
}

@article{mbah2011resource,
	author = "Mbah, Martial L Ndeffo and Gilligan, Christopher A",
	journal = "PLoS one",
	keywords = "control; estructura",
	localfile = "../../../../Hemeroteca/Aplicaciones/epidemiologia/Resource Allocation for Epidemic Control in Metapopulations.pdf",
	number = "9",
	pages = "e24577",
	publisher = "Public Library of Science",
	title = "Resource allocation for epidemic control in metapopulations",
	x-color = "#cc3300"
}

@article{KEELING201278,
	author = "Keeling, Matt J. and Shattock, Andrew",
	doi = "10.1016/j.epidem.2012.03.001",
	issn = "1755-4365",
	journal = "Epidemics",
	keywords = "control; estructura; estoc{\'a}stico",
	localfile = "Optimal but unequitable prophylactic distribution of vaccine.pdf",
	number = "2",
	pages = "78--85",
	title = "Optimal but unequitable prophylactic distribution of vaccine",
	volume = "4",
	year = "2012"
}

@inbook{Chakraverty-2020,
	author = "Chakraverty, Snehashish",
	doi = "10.1002/9781119585640.ch16",
	isbn = "9781119585640",
	keywords = "estructura; control",
	localfile = "Optimal Resource Allocation in Controlling Infectious Diseases.pdf",
	page = "369--389",
	title = "Mathematical Methods in Interdisciplinary Sciences || Optimal Resource Allocation in Controlling Infectious Diseases",
	volume = "10.1002/9781119585640",
	year = "2020"
}

@article{MO2021102893,
	author = "Mo, Baichuan and Feng, Kairui and Shen, Yu and Tam, Clarence and Li, Daqing and Yin, Yafeng and Zhao, Jinhua",
	doi = "10.1016/j.trc.2020.102893",
	issn = "0968-090X",
	journal = "Transportation Research Part C: Emerging Technologies",
	keywords = "COVID-19; estructura; estoc{\'a}stico",
	localfile = "Modeling epidemic spreading through public transit using time-varying encounter network.pdf",
	pages = "102893",
	title = "Modeling epidemic spreading through public transit using time-varying encounter network",
	volume = "122",
	year = "2021"
}

@article{Vega2021.01.15.21249818,
	author = "Vega, Jaime E. Cascante and Cordovez, Juan M. and Santos-Vega, Mauricio",
	doi = "10.1101/2021.01.15.21249818",
	elocation-id = "2021.01.15.21249818",
	eprint = "https://www.medrxiv.org/content/early/2021/01/15/2021.01.15.21249818.full.pdf",
	journal = "medRxiv",
	keywords = "COVID-19",
	localfile = "ESTIMATING AND FORECASTING THE BURDEN AND SPREAD OFSARS-COV2FIRST WAVE INCOLOMBIA..pdf",
	publisher = "Cold Spring Harbor Laboratory Press",
	title = "Estimating and forecasting the burden and spread of SARS-CoV2 first wave in Colombia",
	year = "2021"
}

@inproceedings{neilan2010introduction,
	author = "Neilan, Rachael Miller and Lenhart, Suzanne",
	booktitle = "Modeling Paradigms and Analysis of Disease Trasmission Models",
	keywords = "control",
	localfile = "An_Introduction_to_Optimal_Control_with_an_Applica.pdf",
	pages = "67--81",
	title = "An Introduction to Optimal Control with an Application in Disease Modeling.",
	year = "2010"
}

@article{KUCHARSKI2020,
	doi = "10.1016/S1473-3099(20)30144-4",
	issn = "1473-3099",
	journal = "The Lancet Infectious Diseases",
	keywords = "COVID-19",
	localfile = "Trabajo en curso/COVID-19-Programas/NO SUBIR/papers COVID-19/Early dynamics of transmission and control of COVID-19-a mathematical modelling study.pdf",
	note = "COVID-19",
	title = "{Early dynamics of transmission and control of COVID-19: a mathematical modelling study}",
	url = "http://www.sciencedirect.com/science/article/pii/S1473309920301444",
	year = "2020"
}

@article{HELLEWELL2020e488,
	doi = "10.1016/S2214-109X(20)30074-7",
	issn = "2214-109X",
	journal = "The Lancet Global Health",
	keywords = "COVID-19",
	localfile = "Feasibility of controlling COVID-19 outbreaks by isolation of cases and contacts.pdf",
	note = "COVID-19",
	number = "4",
	pages = "e488--e496",
	title = "{Feasibility of controlling COVID-19 outbreaks by isolation of cases and contacts}",
	url = "http://www.sciencedirect.com/science/article/pii/S2214109X20300747",
	volume = "8",
	year = "2020"
}

@article{choi2020estimating,
	author = "Choi, Sunhwa and Ki, Moran",
	journal = "Epidemiology and Health",
	keywords = "COVID-19",
	localfile = "Estimating the reproductive number and the outbreak size of COVID-19 in Korea.pdf",
	note = "COVID-19",
	pages = "e2020011",
	publisher = "Korean Society of Epidemiology",
	title = "{Estimating the reproductive number and the outbreak size of Novel Coronavirus disease (COVID-19) using mathematical model in Republic of Korea}",
	year = "2020"
}

@misc{peng2020epidemic,
	archiveprefix = "arXiv",
	author = "Peng, Liangrong and Yang, Wuyue and Zhang, Dongyan and Zhuge, Changjing and Hong, Liu",
	eprint = "2002.06563",
	keywords = "COVID-19",
	localfile = "Epidemic analysis of COVID-19 in China by dynamical modeling.pdf",
	note = "COVID-19",
	primaryclass = "q-bio.PE",
	title = "{Epidemic analysis of COVID-19 in China by dynamical modeling}",
	year = "2020"
}

@article{lin2020conceptual,
	author = "Lin, Qianying and Zhao, Shi and Gao, Daozhou and Lou, Yijun and Yang, Shu and Musa, Salihu S and Wang, Maggie H and Cai, Yongli and Wang, Weiming and Yang, Lin and others",
	journal = "International journal of infectious diseases",
	keywords = "COVID-19",
	localfile = "A conceptual model for the coronavirus disease 2019 COVID-19 outbreak in Wuhan China with individual reaction and governmental action.pdf",
	note = "COVID-19",
	pages = "211--216",
	publisher = "Elsevier",
	title = "{A conceptual model for the coronavirus disease 2019 (COVID-19) outbreak in Wuhan, China with individual reaction and governmental action}",
	volume = "93",
	year = "2020"
}

@article{anastassopoulou2020data,
	author = "Anastassopoulou, Cleo and Russo, Lucia and Tsakris, Athanasios and Siettos, Constantinos",
	journal = "PloS one",
	keywords = "COVID-19",
	localfile = "Data-based analysis modelling and forecasting of the COVID-19 outbreak.pdf",
	note = "COVID-19",
	number = "3",
	pages = "e0230405",
	publisher = "Public Library of Science San Francisco, CA USA",
	title = "{Data-based analysis, modelling and forecasting of the COVID-19 outbreak}",
	volume = "15",
	year = "2020"
}

@article{liu2020predicting,
	author = "Liu, Zhihua and Magal, Pierre and Seydi, Ousmane and Webb, Glenn",
	journal = "arXiv preprint arXiv:2002.12298",
	keywords = "COVID-19",
	localfile = "Predicting the cumulative number of cases for the COVID-19 epidemic in China from early data.pdf",
	note = "COVID-19",
	title = "{Predicting the cumulative number of cases for the COVID-19 epidemic in China from early data}",
	year = "2020"
}

@article{giordano2020sidarthe,
	author = "Giordano, Giulia and Blanchini, Franco and Bruno, Raffaele and Colaneri, Patrizio and {Di Filippo}, Alessandro and {Di Matteo}, Angela and Colaneri, Marta and others",
	journal = "arXiv preprint arXiv:2003.09861",
	keywords = "COVID-19",
	localfile = "A SIDARTHE Model of COVID-19 Epidemic in Italy.pdf",
	note = "COVID-19",
	title = "{A SIDARTHE model of COVID-19 epidemic in Italy}",
	year = "2020"
}

@article{calafiore2020modified,
	author = "Calafiore, Giuseppe C and Novara, Carlo and Possieri, Corrado",
	journal = "arXiv preprint arXiv:2003.14391",
	keywords = "COVID-19",
	localfile = "A Modified SIR Model for the COVID-19 Contagion in Italy.pdf",
	note = "COVID-19",
	title = "{A modified SIR model for the COVID-19 contagion in Italy}",
	year = "2020"
}

@article{boto2009fractional,
	author = "Boto, Joao Pedro and Stollenwerk, Nico",
	journal = "Computational and Mathematical Methods in Science and Engineering",
	keywords = "calculo fracionario; estoc{\'a}stico",
	localfile = "Fractional calculus and Levy flights.pdf",
	publisher = "Citeseer",
	title = "{Fractional calculus and Levy flights: modelling spatial epidemic spreading}",
	year = "2009"
}

@article{shaikh2020mathematical,
	author = "Shaikh, Amjad S and Shaikh, Iqbal N and Nisar, Kottakkaran Sooppy",
	keywords = "COVID-19; calculo fracionario",
	localfile = "A Mathematical Model of COVID-19 Using Fractional Derivative: Outbreak in India with Dynamics of Transmission and Control.pdf",
	note = "COVID-19",
	publisher = "Preprints",
	title = "{A Mathematical Model of COVID-19 Using Fractional Derivative: Outbreak in India with Dynamics of Transmission and Control}",
	year = "2020"
}

@article{liu2020model,
	author = "Liu, Zhihua and Magal, Pierre and Seydi, Ousmane and Webb, Glenn",
	journal = "SIAM News (to appear)",
	keywords = "COVID-19",
	localfile = "A Model to Predict COVID-19 Epidemics with Applications to South Korea, Italy, and Spain.pdf",
	note = "COVID-19",
	title = "{A model to predict COVID-19 epidemics with applications to South Korea, Italy, and Spain}",
	year = "2020"
}

@article{ferguson2020report,
	author = "Ferguson, Neil and Laydon, Daniel and {Nedjati Gilani}, Gemma and Imai, Natsuko and Ainslie, Kylie and Baguelin, Marc and Bhatia, Sangeeta and Boonyasiri, Adhiratha and {Cucunuba Perez}, ZULMA and Cuomo-Dannenburg, Gina and others",
	keywords = "COVID-19",
	localfile = "Impact of non-pharmaceutical interventions (NPIs) to reduce COVID-19 mortality and healthcare demand.pdf",
	note = "COVID-19",
	title = "{Report 9: Impact of non-pharmaceutical interventions (NPIs) to reduce COVID19 mortality and healthcare demand}",
	year = "2020"
}

@article{ivorra2020mathematical,
	author = "Ivorra, Benjamin and Ferr{\'a}ndez, Miriam Ruiz and Vela-P{\'e}rez, M and Ramos, AM",
	journal = "Communications in Nonlinear Science and Numerical Simulation",
	keywords = "COVID-19",
	localfile = "Mathematical modeling of the spread of the coronavirus disease 2019 (COVID-19) taking into account the undetected infections. The case of China.pdf",
	note = "COVID-19",
	pages = "105303",
	publisher = "Elsevier",
	title = "{Mathematical modeling of the spread of the coronavirus disease 2019 (COVID-19) taking into account the undetected infections. The case of China}",
	year = "2020"
}

@article{djidjou2020optimal,
	author = "Djidjou-Demasse, Ramses and Michalakis, Yannis and Choisy, Marc and Sofonea, Micea T and Alizon, Samuel",
	journal = "medRxiv",
	keywords = "COVID-19; control",
	localfile = "Optimal COVID-19 epidemic control until vaccine deployment.pdf",
	note = "COVID-19",
	publisher = "Cold Spring Harbor Laboratory Press",
	title = "{Optimal COVID-19 epidemic control until vaccine deployment}",
	year = "2020"
}

@article{delphi,
	author = "Li, Michael Lingzhi",
	keywords = "COVID-19",
	localfile = "Overview of DELPHI Model V2.0.pdf",
	title = "{Overview of DELPHI Model V2.0}",
	url = "https://www.covidanalytics.io/DELPHI_documentation_pdf"
}

@article{shi2020seir,
	author = "Shi, Pengpeng and Cao, Shengli and Feng, Peihua",
	journal = "medRxiv",
	keywords = "COVID-19",
	localfile = "SEIR Transmission dynamics model of 2019 nCoV coronavirus with considering the weak infectious ability and changes in latency duration.pdf",
	note = "COVID-19",
	publisher = "Cold Spring Harbor Laboratory Press",
	title = "{SEIR Transmission dynamics model of 2019 nCoV coronavirus with considering the weak infectious ability and changes in latency duration}",
	year = "2020"
}

@article{kuzenkov2015variational,
	author = "Kuzenkov, O and Ryabova, E",
	journal = "Mathematical Modelling of Natural Phenomena",
	localfile = "Variational Principle for Self-replicating Systems.pdf",
	number = "2",
	pages = "115--128",
	publisher = "EDP Sciences",
	title = "{Variational principle for self-replicating systems}",
	volume = "10",
	year = "2015"
}

@article{Allen1994discrete,
	author = "Linda, J.S. Allen",
	journal = "MATHEMATICAL BIOSCIENCES",
	keywords = "discreto",
	localfile = "allen1994discrete.pdf",
	pages = "83--105",
	title = "{Some Discrete-Time SI, S/R, and S/S Epidemic Models }",
	volume = "124",
	year = "1994"
}

@article{montagnon2019stochastic,
	author = "Montagnon, Pierre",
	journal = "Journal of mathematical biology",
	keywords = "estoc{\'a}stico",
	localfile = "Montagnon2019stochasgraph.pdf",
	number = "1",
	pages = "31--62",
	publisher = "Springer",
	title = "{A stochastic SIR model on a graph with epidemiological and population dynamics occurring over the same time scale}",
	volume = "79",
	year = "2019"
}

@article{yang2012ergodicity,
	author = "Yang, Qingshan and Jiang, Daqing and Shi, Ningzhong and Ji, Chunyan",
	journal = "Journal of Mathematical Analysis and Applications",
	keywords = "estoc{\'a}stico",
	localfile = "1-s2.0-S0022247X11010924-main.pdf",
	number = "1",
	pages = "248--271",
	publisher = "Elsevier",
	title = "{The ergodicity and extinction of stochastically perturbed SIR and SEIR epidemic models with saturated incidence}",
	volume = "388",
	year = "2012"
}

@article{ji2014threshold,
	author = "Ji, Chunyan and Jiang, Daqing",
	journal = "Applied Mathematical Modelling",
	keywords = "estoc{\'a}stico",
	localfile = "1-s2.0-S0307904X14001401-main.pdf",
	number = "21-22",
	pages = "5067--5079",
	publisher = "Elsevier",
	title = "{Threshold behaviour of a stochastic SIR model}",
	volume = "38",
	year = "2014"
}

@article{zhang2013stochastic,
	author = "Zhang, Xianghua and Wang, Ke",
	journal = "Applied Mathematics Letters",
	keywords = "estoc{\'a}stico",
	localfile = "1-s2.0-S0893965913000955-main.pdf",
	number = "8",
	pages = "867--874",
	publisher = "Elsevier",
	title = "{Stochastic SIR model with jumps}",
	volume = "26",
	year = "2013"
}

@article{huang2016stability,
	author = "Huang, Chuangxia and Cao, Jie and Wen, Fenghua and Yang, Xiaoguang",
	journal = "PloS one",
	keywords = "estructura; estabilidad",
	localfile = "Stability Analysis of SIR Model withDistributed Delay on Complex Networks.pdf",
	number = "8",
	pages = "e0158813",
	publisher = "Public Library of Science San Francisco, CA USA",
	title = "Stability analysis of SIR model with distributed delay on complex networks",
	volume = "11",
	year = "2016"
}

@article{Huo-2015,
	author = "Huo, Jingjing; Zhao, Hongyong",
	doi = "10.1016/j.physa.2015.12.078",
	issnp = "0378-4371",
	journal = "Physica A: Statistical Mechanics and its Applications",
	keywords = "estructura; calculo fracionario",
	localfile = "Dynamical analysis of a fractional SIR model with birth and death on heterogeneous complex networks.pdf",
	month = "12",
	page = "S0378437115011061--",
	publisher = "Elsevier Science",
	title = "Dynamical analysis of a fractional SIR model with birth and death on heterogeneous complex networks",
	year = "2015"
}

@article{laaroussi2018optimal,
	author = "Laaroussi, Adil El-Alami and Rachik, Mostafa and Elhia, Mohamed",
	journal = "International Journal of Dynamics and Control",
	keywords = "control; pde",
	localfile = "An optimal control problem for a spatiotemporal SIR model.pdf",
	number = "1",
	pages = "384--397",
	publisher = "Springer",
	title = "An optimal control problem for a spatiotemporal SIR model",
	volume = "6",
	year = "2018"
}

@article{Chen-2014,
	author = "Chen, Lijuan; Sun, Jitao",
	issnp = "0378-4371",
	journal = "Physica A: Statistical Mechanics and its Applications",
	keywords = "estructura; control",
	localfile = "../../../../Hemeroteca/Aplicaciones/epidemiologia/Global stability and optimal control of an SIRS epidemic model on heterogeneous networks.pdf",
	month = "09",
	page = "196--204",
	publisher = "Elsevier Science",
	title = "Global stability and optimal control of an SIRS epidemic model on heterogeneous networks",
	volume = "410",
	x-color = "#cc3300",
	year = "2014"
}

@article{Chen-2014b,
	author = "Chen, Lijuan; Sun, Jitao",
	issnp = "0375-9601",
	issue = "41",
	journal = "Physics Letters A",
	keywords = "estructura; control",
	localfile = "../../../../Hemeroteca/Aplicaciones/epidemiologia/Optimal vaccination and treatment of an epidemic network model.pdf",
	month = "08",
	page = "3028--3036",
	publisher = "Elsevier Science",
	title = "Optimal vaccination and treatment of an epidemic network model",
	volume = "378",
	x-color = "#cc3300",
	year = "2014"
}

@article{Ferra-2018,
	author = "{Ferraz de Arruda}, Guilherme; Aparecido Rodrigues, Francisco; Mart\'{\i}n Rodr\'{\i}guez, Pablo; Cozzo, Emanuele; Moreno, Yamir",
	day = "01",
	doi = "10.1093/comnet/cnx024",
	issne = "2051-1329",
	issnp = "2051-1310",
	issue = "2",
	journal = "Journal of Complex Networks",
	keywords = "estructura; estoc{\'a}stico",
	localfile = "A general Markov chain approach for disease and rumour spreading in complex networks.pdf",
	month = "04",
	page = "215--242",
	title = "A general Markov chain approach for disease and rumour spreading in complex networks",
	volume = "6",
	year = "2018"
}

@article{Krause-2018,
	author = "Krause, Andrew L.; Kurowski, Lawrence; Yawar, Kamran; Gorder, Robert A. Van",
	doi = "10.1016/j.jtbi.2018.04.023",
	issne = "1095-8541",
	issnp = "0022-5193",
	journal = "Journal of Theoretical Biology",
	keywords = "estoc{\'a}stico; estructura; control",
	localfile = "../../../../Hemeroteca/Aplicaciones/epidemiologia/Stochastic epidemic metapopulation models on networksSIS.pdf; Stochastic epidemic metapopulation models on networks SIS dynamics and control strategies.pdf",
	month = "4",
	page = "S0022519318301917--",
	publisher = "Elsevier Science",
	title = "Stochastic epidemic metapopulation models on networks: SIS dynamics and control strategies",
	x-color = "#cc3300",
	year = "2018"
}

@article{Li2019,
	author = "Li, Chun-Hsien and Yousef, A. M.",
	doi = "10.1063/1.5079631",
	eprint = "https://doi.org/10.1063/1.5079631 ",
	journal = "Chaos: An Interdisciplinary Journal of Nonlinear Science",
	localfile = "../../../../Hemeroteca/Aplicaciones/epidemiologia/Bifurcation analysis of a network-based SIR.pdf",
	number = "3",
	pages = "033129",
	title = "Bifurcation analysis of a network-based SIR epidemic model with saturated treatment function",
	url = "https://doi.org/10.1063/1.5079631",
	volume = "29",
	x-color = "#cc3300",
	year = "2019"
}

@article{LIU2017282,
	author = "Liu, Li and Luo, Xiaofeng and Chang, Lili",
	doi = "10.1016/j.chaos.2017.08.019",
	issn = "0960-0779",
	journal = "Chaos, Solitons \& Fractals",
	keywords = "Epidemic model; Complex network; Pair approximation; Vaccination; Optimal control",
	localfile = "../../../../Hemeroteca/Aplicaciones/epidemiologia/Vaccination strategies of an SIR pair approximation model with demographies on complex networks.pdf",
	pages = "282--290",
	title = "Vaccination strategies of an SIR pair approximation model with demographics on complex networks",
	url = "https://www.sciencedirect.com/science/article/pii/S096007791730348X",
	volume = "104",
	x-color = "#cc3300",
	year = "2017"
}

@article{2021,
	author = "Zhang, Lei and Liu, Maoxing and Xie, Boli",
	doi = "10.1007/s11071-020-06184-3",
	issn = "1573-269X",
	journal = "Nonlinear Dynamics",
	localfile = "../../../../Hemeroteca/Aplicaciones/epidemiologia/Optimal control of an SIQRS epidemic model with three measures on networks.pdf",
	month = "Jan",
	number = "2",
	pages = "2097--2107",
	publisher = "Springer Science and Business Media LLC",
	title = "Optimal control of an SIQRS epidemic model with three measures on networks",
	url = "http://dx.doi.org/10.1007/s11071-020-06184-3",
	volume = "103",
	x-fetchedfrom = "DOI",
	year = "2021"
}

@article{Li-2019,
	author = "Li, Kezan and Zhu, Guanghu and Ma, Zhongjun and Chen, Lijuan",
	doi = "10.1016/j.cnsns.2018.06.020",
	issnp = "1007-5704",
	journal = "Communications in Nonlinear Science and Numerical Simulation",
	keywords = "estructura; control",
	localfile = "../../../../Hemeroteca/Aplicaciones/epidemiologia/Dynamic stability of an SIQS epidemic network and its optimal control.pdf",
	month = "01",
	page = "84--95",
	publisher = "Elsevier Science",
	title = "Dynamic stability of an SIQS epidemic network and its optimal control",
	volume = "66",
	x-color = "#cc3300",
	year = "2019"
}

@article{KANG20173945,
	author = "Kang, Huiyan and Liu, Kaihui and Fu, Xinchu",
	doi = "10.1016/j.physleta.2017.09.040",
	issn = "0375-9601",
	journal = "Physics Letters A",
	keywords = "SEIQR model; Quarantine; Scale-free network; The basic reproduction number; Lyapunov function; Global stability",
	localfile = "../../../../Hemeroteca/Aplicaciones/epidemiologia/Dynamics of An Epidemic Model with Quarantine on Scale-free Networks.pdf",
	number = "47",
	pages = "3945--3951",
	title = "Dynamics of an epidemic model with quarantine on scale-free networks",
	url = "https://www.sciencedirect.com/science/article/pii/S0375960117309209",
	volume = "381",
	x-color = "#cc3300",
	year = "2017"
}

@article{Esquivel-Gomez2018,
	author = "Esquivel-G{\'o}mez, Jose de Jesus and Barajas-Ram\'{\i}rez, Juan Gonzalo",
	doi = "10.1063/1.5001176",
	issn = "1089-7682",
	journal = "Chaos: An Interdisciplinary Journal of Nonlinear Science",
	localfile = "../../../../Hemeroteca/Aplicaciones/epidemiologia/Efficiency of quarantine and self-protection.pdf",
	month = "Jan",
	number = "1",
	pages = "013119",
	publisher = "AIP Publishing",
	title = "Efficiency of quarantine and self-protection processes in epidemic spreading control on scale-free networks",
	url = "http://dx.doi.org/10.1063/1.5001176",
	volume = "28",
	x-color = "#cc3300",
	x-fetchedfrom = "DOI",
	year = "2018"
}

@article{Strona2018,
	author = "Strona, Giovanni and Castellano, Claudio",
	doi = "10.1103/physreve.97.022308",
	issn = "2470-0053",
	journal = "Physical Review E",
	localfile = "../../../../Hemeroteca/Aplicaciones/epidemiologia/Rapid decay in the relative efficiency of quarantine to halt epidemics in networks.pdf",
	month = "Feb",
	number = "2",
	publisher = "American Physical Society (APS)",
	title = "Rapid decay in the relative efficiency of quarantine to halt epidemics in networks",
	url = "http://dx.doi.org/10.1103/PhysRevE.97.022308",
	volume = "97",
	x-color = "#cc3300",
	x-fetchedfrom = "DOI",
	year = "2018"
}

@article{Pastor-Satorras2002,
	author = "Pastor-Satorras, Romualdo and Vespignani, Alessandro",
	doi = "10.1103/physreve.65.036104",
	issn = "1095-3787",
	journal = "Physical Review E",
	localfile = "../../../../Hemeroteca/Aplicaciones/epidemiologia/inmunization of complex networks.pdf",
	month = "Feb",
	number = "3",
	publisher = "American Physical Society (APS)",
	title = "Immunization of complex networks",
	url = "http://dx.doi.org/10.1103/PhysRevE.65.036104",
	volume = "65",
	x-color = "#cc3300",
	x-fetchedfrom = "DOI",
	year = "2002"
}

@article{Kalisky2004,
	author = "Madar, N. and Kalisky, T. and Cohen, R. and ben-Avraham, D. and Havlin, S.",
	doi = "10.1140/epjb/e2004-00119-8",
	issn = "1434-6036",
	journal = "The European Physical Journal B - Condensed Matter",
	localfile = "../../../../Hemeroteca/Aplicaciones/epidemiologia/immunization and epidemic dynamics in complex networks.pdf",
	month = "Mar",
	number = "2",
	pages = "269--276",
	publisher = "Springer Science and Business Media LLC",
	title = "Immunization and epidemic dynamics in complex networks",
	url = "http://dx.doi.org/10.1140/epjb/e2004-00119-8",
	volume = "38",
	x-color = "#cc3300",
	x-fetchedfrom = "DOI",
	year = "2004"
}

@article{Nowzari2016,
	author = "Nowzari, Cameron and Preciado, Victor M. and Pappas, George J.",
	doi = "10.1109/MCS.2015.2495000",
	journal = "IEEE Control Systems Magazine",
	localfile = "../../../../Hemeroteca/Aplicaciones/epidemiologia/Analysis and Control of Epidemics-A Survey of Spreading Processes on Complex Networks.pdf",
	number = "1",
	pages = "26--46",
	title = "Analysis and Control of Epidemics: A Survey of Spreading Processes on Complex Networks",
	volume = "36",
	x-color = "#cc3300",
	year = "2016"
}

