@book{CarlD.Meyer538,
	author = "Carl D. Meyer",
	author_sort = "Meyer, Carl D.",
	cover = "/home/fernando/fer/Biblioteca/Biblioteca de calibre/Carl D. Meyer/Matrix Analysis and Applied Linear Algebra (538)/cover.jpg",
	isbn = "978-08-9871-951-2",
	month = "ene",
	publisher = "SIAM",
	size = "6911663 octets",
	title = "Matrix Analysis and Applied Linear Algebra",
	title_sort = "Matrix Analysis and Applied Linear Algebra",
	year = "2000"
}

@book{A.F.Filippov512,
	author = "A. F. Filippov",
	author_sort = "Filippov, A. F.",
	isbn = "978-90-2772-699-5",
	localfile = "../../../../Biblioteca/calibre/A. F. Filippov/Differential Equations With Discontinuous Righthand Sides_ Control Systems (512)/Differential Equations With Discontinuous - A. F. Filippov.pdf",
	month = "sep",
	publisher = "Springer Science \& Business Media",
	title = "Differential Equations With Discontinuous Righthand Sides: Control Systems",
	title_sort = "Differential Equations With Discontinuous Righthand Sides: Control Systems",
	year = "1988"
}

@book{GilbertGWalter295,
	author = "Gilbert G Walter and Martha Contreras",
	author_sort = "Walter, Gilbert G \& Contreras, Martha",
	cover = "/home/fernando/fer/Biblioteca/calibre/Gilbert G Walter/Compartmental Modeling With Networks (295)/cover.jpg",
	isbn = "978-14-6121-590-5",
	localfile = "../../../../Biblioteca/calibre/Gilbert G Walter/Compartmental Modeling With Networks (295)/Compartmental Modeling With Networks - Gilbert G Walter.pdf",
	month = "dic",
	publisher = "Springer Science \& Business Media",
	title = "Compartmental Modeling With Networks",
	title_sort = "Compartmental Modeling With Networks",
	year = "2012"
}

@book{WassimM.Haddad897,
	author = "Wassim M. Haddad and Vijaysekhar Chellaboina and Qing Hui",
	author_sort = "Haddad, Wassim M. \& Chellaboina, Vijaysekhar \& Hui, Qing",
	isbn = "978-06-9114-411-5",
	localfile = "../../../../Biblioteca/calibre/Wassim M. Haddad/Nonnegative and Compartmental Dynamical Systems (897)/Nonnegative and Compartmental Dynamical Sy - Wassim M. Haddad.pdf",
	month = "ene",
	publisher = "Princeton University Press",
	title = "Nonnegative and Compartmental Dynamical Systems",
	title_sort = "Nonnegative and Compartmental Dynamical Systems",
	year = "2010"
}

@book{EarlA.Coddington236,
	author = "Earl A. Coddington and A {Coddington Earl} and Coddington Mn and Norman Levinson",
	author_sort = "Coddington, Earl A. \& A, Coddington Earl \& Mn, Coddington \& Levinson, Norman",
	cover = "/home/fernando/fer/Biblioteca/calibre/Earl A. Coddington/Theory of Ordinary Differential Equations (236)/cover.jpg",
	isbn = "978-00-7099-256-6",
	localfile = "../../../../Biblioteca/calibre/Earl A. Coddington/Theory of Ordinary Differential Equations (236)/Theory of Ordinary Differential Equations - Earl A. Coddington.djvu",
	month = "ago",
	publisher = "McGraw-Hill",
	title = "Theory of Ordinary Differential Equations",
	title_sort = "Theory of Ordinary Differential Equations",
	year = "1955"
}

@article{1972,
	author = "R. M. Redheffer",
	doi = "10.1080/00029890.1972.11993115",
	issn = "1930-0972",
	journal = "The American Mathematical Monthly",
	localfile = "../../../../Hemeroteca/Ecuaciones Diferenciales y Sistemas Dinamicos/EDO Sistemas de EDO/Teoria Abstracta/The theorems of bony and brezis on flow-invariant sets.pdf",
	month = "Aug",
	number = "7",
	pages = "740--747",
	publisher = "Informa UK Limited",
	title = "The Theorems of Bony and Brezis on Flow-Invariant Sets",
	url = "http://dx.doi.org/10.1080/00029890.1972.11993115",
	volume = "79",
	x-fetchedfrom = "DOI",
	year = "1972"
}

@book{ EliasM.Stein120,
    title = "Singular Integrals and Differentiability Properties of Functions",
    author_sort = "Stein, Elias M.",
    author = "Elias M. Stein",
    isbn = "978-06-9108-079-6",
    year = "1971",
    month = "feb",
    publisher = "Princeton University Press" }
